@article{komatitsch2002spectrala,
  title={Spectral-element simulations of global seismic wave propagation?I. Validation},
  author={Komatitsch, Dimitri and Tromp, Jeroen},
  journal={Geophysical Journal International},
  volume={149},
  number={2},
  pages={390--412},
  year={2002},
  publisher={Blackwell Publishing Ltd Oxford, UK}
}

@article{komatitsch2002spectralb,
  title={Spectral-element simulations of global seismic wave propagation?II. Three-dimensional models, oceans, rotation and self-gravitation},
  author={Komatitsch, Dimitri and Tromp, Jeroen},
  journal={Geophysical Journal International},
  volume={150},
  number={1},
  pages={303--318},
  year={2002},
  publisher={Blackwell Publishing Ltd Oxford, UK}
}


@article{bernauer2018blueseis3a,
  title={BlueSeis3A: Full Characterization of a 3C Broadband Rotational Seismometer},
  author={Bernauer, Felix and Wassermann, Joachim and Guattari, Frederic and Frenois, Arnaud and Bigueur, Alexandre and Gaillot, Arnaud and de Toldi, Elliot and Ponceau, Damien and Schreiber, Ulrich and Igel, Heiner},
  journal={Seismological Research Letters},
  year={2018},
  publisher={Seismological Society of America}
}

@article{Ritsema2011,
author = {J. Ritsema and A. Deuss and H. J. van Heijst and J. H. Woodhouse},
title = {S40RTS: a degree?40 shear?velocity model for the mantle from
new Rayleigh wave dispersion, teleseismic traveltime and normal?mode
splitting function measurements},
journal = {Geophysical Journal International},
volume = {184},
number = {3},
pages = {1223-1236},
keywords = {Composition of the mantle, Body waves, Surface waves and
free oscillations, Seismic tomography},
doi = {10.1111/j.1365-246X.2010.04884.x},
url =
{https://onlinelibrary.wiley.com/doi/abs/10.1111/j.1365-246X.2010.04884.x},
eprint =
{https://onlinelibrary.wiley.com/doi/pdf/10.1111/j.1365-246X.2010.04884.x}
}

@Article{Bassin2000,
  Title                    = {The Current Limits of Resolution for
Surface Wave Tomography in {N}orth {A}merica},
  Author                   = {C. Bassin and G. Laske and G. Masters},
  Journal                  = {EOS Trans. Am. Geophys. Union},
  Year                     = {2000},
  Note                     = {Fall Meet. Suppl., Abstract S12A-03},
  Number                   = {48},
  Pages                    = {F897},
  Volume                   = {81}
}



@article{sbaa2017analysis,
  title={Analysis of rotation sensor data from the SINAPS@ Kefalonia (Greece) post-seismic experiment?link to surface geology and wavefield characteristics},
  author={Sbaa, Sarah and Hollender, Fabrice and Perron, Vincent and Imtiaz, Afifa and Bard, Pierre-Yves and Mariscal, Armand and Cochard, Alain and Dujardin, Alain},
  journal={Earth, Planets and Space},
  volume={69},
  number={1},
  pages={124},
  year={2017},
  publisher={Springer}
}

@incollection{schreiber2006ring,
  title={Ring laser gyroscopes as rotation sensors for seismic wave studies},
  author={Schreiber, K Ulrich and Stedman, Geoffrey E and Igel, Heiner and Flaws, Asher},
  booktitle={Earthquake source asymmetry, structural media and rotation effects},
  pages={377--390},
  year={2006},
  publisher={Springer}
}

@incollection{cochard2006rotational,
  title={Rotational motions in seismology: theory, observation, simulation},
  author={Cochard, Alain and Igel, H and Schuberth, B and Suryanto, W and Velikoseltsev, A and Schreiber, U and Wassermann, J and Scherbaum, F and Vollmer, D},
  booktitle={Earthquake source asymmetry, structural media and rotation effects},
  pages={391--411},
  year={2006},
  publisher={Springer}
}


@book{stein2009introduction,
  title={An introduction to seismology, earthquakes, and earth structure},
  author={Stein, Seth and Wysession, Michael},
  year={2009},
  publisher={John Wiley \& Sons}
}

@book{aki2002quantitative,
  title={Quantitative seismology},
  author={Aki, Keiiti and Richards, Paul G},
  year={2002}
}

@article{igel2005rotational,
  title={Rotational motions induced by the M8. 1 Tokachi-oki earthquake, September 25, 2003},
  author={Igel, Heiner and Schreiber, Ulrich and Flaws, Asher and Schuberth, Bernhard and Velikoseltsev, Alex and Cochard, Alain},
  journal={Geophysical research letters},
  volume={32},
  number={8},
  year={2005},
  publisher={Wiley Online Library}
}
@article{salvermoser2017event,
  title={An event database for rotational seismology},
  author={Salvermoser, Johannes and Hadziioannou, C{\'e}line and Hable, Sarah and Krischer, Lion and Chow, Bryant and Ramos, Catalina and Wassermann, Joachim and Schreiber, Ulrich and Gebauer, Andr{\'e} and Igel, Heiner},
  journal={Seismological Research Letters},
  volume={88},
  number={3},
  pages={935--941},
  year={2017},
  publisher={Seismological Society of America}
}
@article{tanimoto2016seasonal,
  title={Seasonal variations in the Rayleigh-to-Love wave ratio in the secondary microseism from colocated ring laser and seismograph},
  author={Tanimoto, Toshiro and Hadziioannou, C{\'e}line and Igel, Heiner and Wassermann, Joachim and Schreiber, Ulrich and Gebauer, Andr{\'e} and Chow, Bryant},
  journal={Journal of Geophysical Research: Solid Earth},
  volume={121},
  number={4},
  pages={2447--2459},
  year={2016},
  publisher={Wiley Online Library}
}
@article{igel2007broad,
  title={Broad-band observations of earthquake-induced rotational ground motions},
  author={Igel, Heiner and Cochard, Alain and Wassermann, Joachim and Flaws, Asher and Schreiber, Ulrich and Velikoseltsev, Alex and Pham Dinh, Nguyen},
  journal={Geophysical Journal International},
  volume={168},
  number={1},
  pages={182--196},
  year={2007},
  publisher={Blackwell Publishing Ltd Oxford, UK}
}
@article{spudich1995transient,
  title={Transient stresses at Parkfield, California, produced by the M 7.4 Landers earthquake of June 28, 1992: Observations from the UPSAR dense seismograph array},
  author={Spudich, Paul and Steck, Lee K and Hellweg, Margaret and Fletcher, JB and Baker, Lawrence M},
  journal={Journal of Geophysical Research: Solid Earth},
  volume={100},
  number={B1},
  pages={675--690},
  year={1995},
  publisher={Wiley Online Library}
}


@article{stedman1997ring,
  title={Ring-laser tests of fundamental physics and geophysics},
  author={Stedman, GE},
  journal={Reports on progress in physics},
  volume={60},
  number={6},
  pages={615},
  year={1997},
  publisher={IOP Publishing}
}
@incollection{schreiber2006geosensor,
  title={The GEOsensor project: rotationsâ€”a new observable for seismology},
  author={Schreiber, Ulrich and Igel, Heiner and Cochard, Alain and Velikoseltsev, Alexander and Flaws, Asher and Schuberth, Bernhard and Drewitz, Wolfgang and M{\"u}ller, Frieder},
  booktitle={Observation of the Earth System from Space},
  pages={427--443},
  year={2006},
  publisher={Springer}
}
@article{mcleod1998comparison,
  title={Comparison of standard and ring laser rotational seismograms},
  author={McLeod, DP and Stedman, GE and Webb, TH and Schreiber, U},
  journal={Bulletin of the Seismological Society of America},
  volume={88},
  number={6},
  pages={1495--1503},
  year={1998},
  publisher={The Seismological Society of America}
}

@article{bormann2000new,
  title={The new IASPEI Manual of seismological observatory practice},
  author={Bormann, Peter and Bergman, Eric},
  journal={Seismological Research Letters},
  volume={71},
  number={5},
  pages={510--518},
  year={2000},
  publisher={Seismological Society of America}
}
@article{ekstrom2012global,
  title={The global CMT project 2004--2010: Centroid-moment tensors for 13,017 earthquakes},
  author={Ekstr{\"o}m, G and Nettles, M and Dziewo{\'n}ski, AM},
  journal={Physics of the Earth and Planetary Interiors},
  volume={200},
  pages={1--9},
  year={2012},
  publisher={Elsevier}
}
@book{shearer2009introduction,
  title={Introduction to seismology},
  author={Shearer, Peter M},
  year={2009},
  publisher={Cambridge University Press}
}

@article{donner2017comparing,
  title={Comparing direct observation of strain, rotation, and displacement with array estimates at Pi{\~n}on Flat Observatory, California},
  author={Donner, Stefanie and Lin, Chin-Jen and Hadziioannou, C{\'e}line and Gebauer, Andr{\'e} and Vernon, Frank and Agnew, Duncan Carr and Igel, Heiner and Schreiber, Ulrich and Wassermann, Joachim},
  journal={Seismological Research Letters},
  volume={88},
  number={4},
  pages={1107--1116},
  year={2017},
  publisher={Seismological Society of America}
}
@article{rial1992earthquake,
  title={Earthquake-induced resonance in sedimentary basins},
  author={Rial, Jose A and Saltzman, Nancy G and Ling, Hui},
  journal={American Scientist},
  volume={80},
  number={6},
  pages={566--578},
  year={1992},
  publisher={JSTOR}
}
@article{herak1993distance,
  title={Distance dependence of Ms and calibrating function for 20 second Rayleigh waves},
  author={Herak, Marijan and Herak, Davorka},
  journal={Bulletin of the Seismological Society of America},
  volume={83},
  number={6},
  pages={1881--1892},
  year={1993},
  publisher={The Seismological Society of America}
}
@article{ambraseys1997surface,
  title={Surface-wave magnitude calibration for European region earthquakes},
  author={Ambraseys, Nicholas and Free, MW},
  journal={Journal of Earthquake Engineering},
  volume={1},
  number={01},
  pages={1--22},
  year={1997},
  publisher={World Scientific}
}

@article{karnik1962standardization,
  title={Standardization of the earthquake magnitude scale},
  author={Karnik, V and Kondorskaya, NV and Riznitchenko, Ju V and Savarensky, EF and Soloviev, SL and Shebalin, NV and Vanek, J and Zatopek, A},
  journal={Studia Geophysica et Geodaetica},
  volume={6},
  number={1},
  pages={41--48},
  year={1962},
  publisher={Springer}
}




